@inproceedings{song2011regression,
  title={Regression and ranking based optimisation for sentence level machine translation evaluation},
  author={Song, Xingyi and Cohn, Trevor},
  booktitle={Proceedings of the Sixth Workshop on Statistical Machine Translation},
  pages={123--129},
  year={2011},
  organization={Association for Computational Linguistics}
}
@inproceedings{lavie2007meteor,
  title={METEOR: An automatic metric for MT evaluation with high levels of correlation with human judgments},
  author={Lavie, Alon and Agarwal, Abhaya},
  booktitle={Proceedings of the Second Workshop on Statistical Machine Translation},
  pages={228--231},
  year={2007},
  organization={Association for Computational Linguistics}
}
@article{lodhi2002text,
  title={Text classification using string kernels},
  author={Lodhi, Huma and Saunders, Craig and Shawe-Taylor, John and Cristianini, Nello and Watkins, Chris},
  journal={Journal of Machine Learning Research},
  volume={2},
  number={Feb},
  pages={419--444},
  year={2002}
}
@article{kahn2009expected,
  title={Expected dependency pair match: predicting translation quality with expected syntactic structure},
  author={Kahn, Jeremy G and Snover, Matthew and Ostendorf, Mari},
  journal={Machine Translation},
  volume={23},
  number={2},
  pages={169--179},
  year={2009},
  publisher={Springer}
}
